<?xml version="1.0" encoding="UTF-8"?>
<collection xmlns="http://www.loc.gov/MARC21/slim">
    <record>
        <leader>66662cim  2200457Ia 45í0</leader>
        <controlfield tag="001">a440</controlfield>
        <controlfield tag="008">041202s2000    mdunnn  s      f    eng d</controlfield>
        <datafield tag="245" ind1=" " ind2="0">
            <subfield code="a">four-forty</subfield>
        </datafield>
        <datafield tag="440" ind1=" " ind2=" ">
            <subfield code="a">440a</subfield>
            <subfield code="n">440n</subfield>
            <subfield code="p">440p</subfield>
            <subfield code="v">440v</subfield>
            <subfield code="w">nope</subfield>
            <subfield code="x">nope</subfield>
        </datafield>
    </record>