
    <record>
        <leader>66662cim  2200457Ia 45í0</leader>
        <controlfield tag="001">a490</controlfield>
        <controlfield tag="008">041202s2000    mdunnn  s      f    eng d</controlfield>
        <datafield tag="245" ind1=" " ind2="0">
            <subfield code="a">four-ninety</subfield>
        </datafield>
        <datafield tag="490" ind1=" " ind2=" ">
            <subfield code="a">490a</subfield>
            <subfield code="l">490l</subfield>
            <subfield code="v">490v</subfield>
            <subfield code="x">490x</subfield>
        </datafield>
    </record>