
    <record>
        <leader>66662cim  2200457Ia 45í0</leader>
        <controlfield tag="001">a811</controlfield>
        <controlfield tag="008">041202s2000    mdunnn  s      f    eng d</controlfield>
        <datafield tag="245" ind1=" " ind2="0">
            <subfield code="a">eight eleven</subfield>
        </datafield>
        <datafield tag="811" ind1=" " ind2=" ">
            <subfield code="a">811a</subfield>
            <subfield code="d">811d</subfield>
            <subfield code="f">811f</subfield>
            <subfield code="g">811g</subfield>
            <subfield code="h">811h</subfield>
            <subfield code="j">811j</subfield>
            <subfield code="k">811k</subfield>
            <subfield code="l">811l</subfield>
            <subfield code="m">811m</subfield>
            <subfield code="n">811n</subfield>
            <subfield code="o">811o</subfield>
            <subfield code="p">811p</subfield>
            <subfield code="r">811r</subfield>
            <subfield code="s">811s</subfield>
            <subfield code="t">811t</subfield>
            <subfield code="v">811v</subfield>
            <subfield code="x">811x</subfield>
        </datafield>
    </record>