
    <record>
        <leader>66662cim  2200457Ia 45í0</leader>
        <controlfield tag="001">a830</controlfield>
        <controlfield tag="008">041202s2000    mdunnn  s      f    eng d</controlfield>
        <datafield tag="245" ind1=" " ind2="0">
            <subfield code="a">eight thirty</subfield>
        </datafield>
        <datafield tag="830" ind1=" " ind2=" ">
            <subfield code="a">830a</subfield>
            <subfield code="d">830d</subfield>
            <subfield code="f">830f</subfield>
            <subfield code="g">830g</subfield>
            <subfield code="h">830h</subfield>
            <subfield code="j">830j</subfield>
            <subfield code="k">830k</subfield>
            <subfield code="l">830l</subfield>
            <subfield code="m">830m</subfield>
            <subfield code="n">830n</subfield>
            <subfield code="o">830o</subfield>
            <subfield code="p">830p</subfield>
            <subfield code="r">830r</subfield>
            <subfield code="s">830s</subfield>
            <subfield code="t">830t</subfield>
            <subfield code="v">830v</subfield>
            <subfield code="x">830x</subfield>
        </datafield>
    </record>