
    
    <!-- phrase in 245 only -->
    <record>
        <leader>01578nam a2200313 a 4500</leader>
        <controlfield tag="001">a1111</controlfield>
        <controlfield tag="008">890719s1988    fr            000 0 fre d</controlfield>
        <datafield tag="245" ind1="2" ind2=" ">
            <subfield code="a">European Court of Human Rights.</subfield>
        </datafield>
    </record>