
    <!-- phrase in 245 only -->    
    <record>
        <leader>01254cam a2200325 i 4500</leader>
        <controlfield tag="001">a2222</controlfield>
        <controlfield tag="008">800701r1978    nyu      b    000 1 eng  </controlfield>
        <datafield tag="245" ind1="1" ind2=" ">
            <subfield code="a">Joyce, James, 1882-1941. The James Joyce archive</subfield>
        </datafield>
    </record>