
    
    <!-- phrase in 245 only -->    
    <record>
        <leader>01060cam a2200277   4500</leader>
        <controlfield tag="001">a3333</controlfield>
        <controlfield tag="008">710225s1971    nyua     b    001 0 eng  </controlfield>
        <datafield tag="245" ind1=" " ind2="0">
            <subfield code="a">Macmillan series in applied computer science.</subfield>
        </datafield>
    </record>