
    <!-- phrase in 245 only -->
    <record>
        <leader>02153cas a2200337   4500</leader>
        <controlfield tag="001">a4444</controlfield>
        <controlfield tag="008">790220d19uu1975nyuuu         1    0eng d</controlfield>
        <datafield tag="245" ind1=" " ind2="0">
            <subfield code="a">Lecture notes in computer science</subfield>
        </datafield>  
    </record>