
    <!-- phrase in 245 only -->
    <record>
        <leader>01211cam a2200325 a 4500</leader>
        <controlfield tag="001">a6666</controlfield>
        <controlfield tag="008">910812s1991    sz ab    b    001 0 ger c</controlfield>
        <datafield tag="245" ind1="1" ind2=" ">
            <subfield code="a">Beitrage zur Afrikakunde  NOT in series field</subfield>
        </datafield>
    </record>