
    <!-- phrase in 245 only -->
    <record>
        <leader>01393nam a2200313ZZ 4500</leader>
        <controlfield tag="001">a9999</controlfield>
        <controlfield tag="008">900517s1990    nju|||||||||||||| ||eng||</controlfield>
        <datafield tag="245" ind1="1" ind2=" ">
            <subfield code="a">Delaware symposia on language studies ;</subfield>
        </datafield>
    </record>