
    
    <!-- 811, 490 -->
    <record>
        <leader>01393nam a2200313ZZ 4500</leader>
        <controlfield tag="001">a253693</controlfield>
        <controlfield tag="008">900517s1990    nju|||||||||||||| ||eng||</controlfield>
        <datafield tag="245" ind1=" " ind2="0">
            <subfield code="a">title</subfield>
        </datafield>
        <datafield tag="490" ind1="1" ind2=" ">
            <subfield code="a">Delaware symposia on language studies ;</subfield>
            <subfield code="v">7.</subfield>
        </datafield>
        <datafield tag="811" ind1="2" ind2=" ">
            <subfield code="a">Delaware Symposium on Language Studies.</subfield>
            <subfield code="t">Delaware symposia on language studies ;</subfield>
            <subfield code="v">7.</subfield>
        </datafield>
    </record>