
    <!-- 440 only -->    
    <record>
        <leader>06736nas a2200637   4500</leader>
        <controlfield tag="001">a408434</controlfield>
        <controlfield tag="008">790220c197u9999gw ar         1   a0eng d</controlfield>
        <datafield tag="245" ind1=" " ind2="0">
            <subfield code="a">title</subfield>
        </datafield>
        <datafield tag="440" ind1=" " ind2="0">
            <subfield code="a">Lecture notes in computer science ;</subfield>
            <subfield code="v">28, 32, 45, 53, 64, 74, 88, 118, 176, 233, 324, 379, 452, 520, 629, 711, 841, 969, 1113, 1295, 1450, 1672</subfield>
        </datafield>
    </record>
    <!-- 830 only -->
    <record>
        <leader>02153cas a2200337   4500</leader>
        <controlfield tag="001">a488433</controlfield>
        <controlfield tag="008">790220d19uu1975nyuuu         1    0eng d</controlfield>
        <datafield tag="830" ind1=" " ind2="0">
            <subfield code="a">Lecture notes in computer science</subfield>
        </datafield>  
    </record>