    
    <!-- 800, 490 -->    
    <record>
        <leader>01383cam a2200337 i 4500</leader>
        <controlfield tag="001">a797438</controlfield>
        <controlfield tag="008">800626s1979    nyuh     b    000 0 eng  </controlfield>
        <datafield tag="245" ind1=" " ind2="0">
            <subfield code="a">title</subfield>
        </datafield>
        <datafield tag="490" ind1="1" ind2=" ">
            <subfield code="a">The James Joyce archive</subfield>
        </datafield>
        <datafield tag="800" ind1="1" ind2=" ">
            <subfield code="a">Joyce, James,</subfield>
            <subfield code="d">1882-1941.</subfield>
            <subfield code="t">James Joyce archive.</subfield>
        </datafield>
    </record>