
    <!-- 800, 490 -->
    <record>
        <leader>01254cam a2200325 i 4500</leader>
        <controlfield tag="001">a798059</controlfield>
        <controlfield tag="008">800701r1978    nyu      b    000 1 eng  </controlfield>
        <datafield tag="245" ind1=" " ind2="0">
            <subfield code="a">title</subfield>
        </datafield>
        <datafield tag="490" ind1="1" ind2=" ">
            <subfield code="a">Joyce, James, 1882-1941. The James Joyce archive</subfield>
        </datafield>
        <datafield tag="800" ind1="1" ind2=" ">
            <subfield code="a">Joyce, James,</subfield>
            <subfield code="d">1882-1941.</subfield>
            <subfield code="t">James Joyce archive</subfield>
        </datafield>
    </record>