

    <!-- Beitrage zur Afrikakunde  440, 490, 830 -->    
    <!-- 490, 830 -->    
    <record>
        <leader>00890nam a2200241ua 4500</leader>
        <controlfield tag="001">a1025630</controlfield>
        <controlfield tag="008">821104s1981    sz b          000 0 ger d</controlfield>
        <datafield tag="245" ind1=" " ind2="0">
            <subfield code="a">title</subfield>
        </datafield>
        <datafield tag="490" ind1="1" ind2=" ">
            <subfield code="a">Beitrage zur Afrikakunde,</subfield>
            <subfield code="x">0171-1660 ;</subfield>
            <subfield code="v">3</subfield>
        </datafield>
        <datafield tag="830" ind1=" " ind2="0">
            <subfield code="a">Beitrage zur Afrikakunde ;</subfield>
            <subfield code="v">3.</subfield>
        </datafield>
    </record>