
    <!-- "Macmillan series in applied computer science"  490, 830 -->
    <!-- 490, 830 -->
    <record>
        <leader>01549nam a2200289u  4500</leader>
        <controlfield tag="001">a1173521</controlfield>
        <controlfield tag="008">860409c19711970nyua          001 0 eng  </controlfield>
        <datafield tag="245" ind1=" " ind2="0">
            <subfield code="a">title</subfield>
        </datafield>
        <datafield tag="490" ind1="1" ind2=" ">
            <subfield code="a">Macmillan series in applied computer science</subfield>
        </datafield>
        <datafield tag="830" ind1=" " ind2="0">
            <subfield code="a">Macmillan series in applied computer science.</subfield>
        </datafield>
    </record>