
    <!-- 440 only -->
    <record>
        <leader>01346cam a2200313ua 4500</leader>
        <controlfield tag="001">a1554950</controlfield>
        <controlfield tag="008">841002s1984    sz b     b    000 0 eng d</controlfield>
        <datafield tag="245" ind1=" " ind2="0">
            <subfield code="a">title</subfield>
        </datafield>
        <datafield tag="440" ind1=" " ind2="0">
            <subfield code="a">Beitrage zur Afrikakunde,</subfield>
            <subfield code="x">0171-1660 ;</subfield>
            <subfield code="v">6</subfield>
        </datafield>
    </record>