
    <!-- 811, 490 -->
    <record>
        <leader>01596cam a2200325ua 4500</leader>
        <controlfield tag="001">a1588366</controlfield>
        <controlfield tag="008">850731s1985    njua     b    101 0 eng  </controlfield>
        <datafield tag="245" ind1=" " ind2="0">
            <subfield code="a">title</subfield>
        </datafield>
        <datafield tag="490" ind1="1" ind2=" ">
            <subfield code="a">Delaware symposia on language studies ;</subfield>
            <subfield code="v">4</subfield>
        </datafield>
        <datafield tag="811" ind1="2" ind2=" ">
            <subfield code="a">Delaware Symposium on Language Studies.</subfield>
            <subfield code="t">Delaware symposia on language studies ;</subfield>
            <subfield code="v">4.</subfield>
        </datafield>
    </record>