
    <!-- 810, 490 -->    
    <record>
        <leader>01665nam a2200349 a 4500</leader>
        <controlfield tag="001">a1943665</controlfield>
        <controlfield tag="008">890717s1988    fr           i000 0 eng d</controlfield>
        <datafield tag="245" ind1=" " ind2="0">
            <subfield code="a">title</subfield>
        </datafield>
        <datafield tag="490" ind1="1" ind2=" ">
            <subfield code="a">Publications de la Cour europeenne des droits de l'homme. Serie A, Arrets et decisions =</subfield>
            <subfield code="a">Publications of the European Court of Human Rights. Series A, Judgments and decisions ;</subfield>
            <subfield code="v">vol. 138</subfield>
        </datafield>
        <datafield tag="810" ind1="2" ind2=" ">
            <subfield code="a">European Court of Human Rights.</subfield>
            <subfield code="t">Publications de la Cour europeenne des droits de l'homme.</subfield>
            <subfield code="n">Serie A,</subfield>
            <subfield code="p">Arrets et decisions ;</subfield>
            <subfield code="v">vol. 138.</subfield>
        </datafield>
    </record>