
    <!-- 810, 490 -->    
    <record>
        <leader>01578nam a2200313 a 4500</leader>
        <controlfield tag="001">a1943753</controlfield>
        <controlfield tag="008">890719s1988    fr            000 0 fre d</controlfield>
        <datafield tag="245" ind1=" " ind2="0">
            <subfield code="a">title</subfield>
        </datafield>
        <datafield tag="490" ind1="1" ind2=" ">
            <subfield code="a">Publications de la Cour europeenne des droits de l'homme. Serie A, Arrets et decisions =</subfield>
            <subfield code="a">Publications of the European Court of Human Rights, Series A, Judgments and decisions ;</subfield>
            <subfield code="v">vol. 132</subfield>
        </datafield>
        <datafield tag="810" ind1="2" ind2=" ">
            <subfield code="a">European Court of Human Rights.</subfield>
            <subfield code="t">Publications de la Cour europeenne des droits de l'homme.</subfield>
            <subfield code="n">Serie A,</subfield>
            <subfield code="p">Arrets et decisions ;</subfield>
            <subfield code="v">vol. 132.</subfield>
        </datafield>
    </record>