
    <!-- "Lecture notes in computer science"  440, 490, 830 -->
<!-- 490, 830 -->
    <record>
        <leader>01157nas a2200265 a 4500</leader>
        <controlfield tag="001">a1964873</controlfield>
        <controlfield tag="008">841211d19851986gw gr         0   a0eng d</controlfield>
        <datafield tag="245" ind1=" " ind2="0">
            <subfield code="a">title</subfield>
        </datafield>
        <datafield tag="490" ind1="1" ind2=" ">
            <subfield code="a">Lecture notes in computer science ;</subfield>
            <subfield code="v">240</subfield>
        </datafield>
        <datafield tag="830" ind1=" " ind2="0">
            <subfield code="a">Lecture notes in computer science ;</subfield>
            <subfield code="v">240.</subfield>
        </datafield>
    </record>