
<!-- 490, 830 -->    
    <record>
        <leader>01309cam a2200325 a 4500</leader>
        <controlfield tag="001">a4489006</controlfield>
        <controlfield tag="008">001207s2000    nyua     b    000 0 eng  </controlfield>
        <datafield tag="245" ind1=" " ind2="0">
            <subfield code="a">title</subfield>
        </datafield>
        <datafield tag="490" ind1="1" ind2=" ">
            <subfield code="a">Lecture notes in computer science ;</subfield>
            <subfield code="v">1658</subfield>
        </datafield>
        <datafield tag="830" ind1=" " ind2="0">
            <subfield code="a">Lecture notes in computer science ;</subfield>
            <subfield code="v">1658.</subfield>
        </datafield>
    </record>
    
</collection>
